@MISC{autoproof,
  title = {{AutoProof Website}},
  howpublished = {\url{http://se.inf.ethz.ch/research/autoproof/}},
  note = {Accessed on 19 Nov 2015}
}
@MISC{boogie,
  title = {{Microsoft Research: Boogie website}},
  howpublished = {\url{http://research.microsoft.com/en-us/projects/boogie/}},
  note = {Accessed on 19 Nov 2015}
}
@MISC{autoactivelecture,
  title = {{Software Verfification Lecture ETH Zurich}},
  howpublished = {\url{http://se.inf.ethz.ch/courses/2015b_fall/sv/slides/05-AutoActiveVerification.pdf}},
  note = {Accessed on 25 Nov 2015}
}
@MISC{bucketsort,
  title = {{Wikipedia: Bucket sort}},
  howpublished = {\url{https://en.wikipedia.org/wiki/Bucket_sort}},
  note = {Accessed on 25 Nov 2015}
}
@MISC{quicksort,
  title = {{Wikipedia: Quick sort}},
  howpublished = {\url{https://en.wikipedia.org/wiki/Quicksort}},
  note = {Accessed on 25 Nov 2015}
}
  
  
